<?xml version="1.0" encoding="UTF-8"?><collection xmlns="http://www.loc.gov/MARC21/slim"><record><leader>00412nam--2200145-i-4500</leader><controlfield tag="001">000005871</controlfield><controlfield tag="002">20161230</controlfield><controlfield tag="005">20170114220229</controlfield><controlfield tag="008">060222s1000------------r-----000-0-eng-d</controlfield><datafield ind1=" " ind2=" " tag="080"><subfield code="a">621.O39.5(0L6)</subfield></datafield><datafield ind1=" " ind2=" " tag="245"><subfield code="a">Bibliografia tresci wydawnictw ciaglych osrod ka informacji naukowej,technicnej i ekonomicz nej, 1962</subfield></datafield><datafield ind1=" " ind2=" " tag="260"><subfield code="a">Warsawa</subfield><subfield code="c">1962</subfield></datafield><datafield ind1=" " ind2=" " tag="300"><subfield code="a">62 p</subfield></datafield><datafield ind1=" " ind2=" " tag="852"><subfield code="a">D.O.1039</subfield></datafield><datafield ind1=" " ind2=" " tag="CAT"><subfield code="a">SYS</subfield><subfield code="c">20170114</subfield><subfield code="h">220229</subfield></datafield></record></collection>